<record><leader>00000cas a22000007a 4500</leader><controlfield tag="001">32691367</controlfield><controlfield tag="008">950622d19051907meuwr ne      0    0eng d</controlfield><datafield ind1=" " ind2=" " tag="010"><subfield code="a">sn 95067816 </subfield></datafield><datafield ind1=" " ind2=" " tag="040"><subfield code="a">MBN</subfield><subfield code="b">eng</subfield><subfield code="c">MBN</subfield><subfield code="d">OCLCQ</subfield><subfield code="d">OCLCF</subfield><subfield code="d">OCLCO</subfield></datafield><datafield ind1="1" ind2=" " tag="029"><subfield code="a">AU@</subfield><subfield code="b">000011782745</subfield></datafield><datafield ind1=" " ind2=" " tag="042"><subfield code="a">msc</subfield></datafield><datafield ind1=" " ind2=" " tag="043"><subfield code="a">n-us-me</subfield></datafield><datafield ind1="0" ind2="4" tag="245"><subfield code="a">The Sheepscot echo and Medomak Valley news.</subfield></datafield><datafield ind1=" " ind2=" " tag="260"><subfield code="a">Wiscasset, Me. :</subfield><subfield code="b">Chas. E. Emerson</subfield></datafield><datafield ind1=" " ind2=" " tag="300"><subfield code="a">v.</subfield></datafield><datafield ind1=" " ind2=" " tag="310"><subfield code="a">Weekly</subfield></datafield><datafield ind1="0" ind2=" " tag="362"><subfield code="a">Vol. 24, no. 20 (Sept. 16, 1905)-v. 26, no. 2 (May 18, 1907).</subfield></datafield><datafield ind1=" " ind2=" " tag="500"><subfield code="a">Published as Waldoboro and Wiscasset editions 1905-1906.</subfield></datafield><datafield ind1=" " ind2=" " tag="500"><subfield code="a">Place of publication also given as: Waldoboro.</subfield></datafield><datafield ind1=" " ind2="0" tag="651"><subfield code="a">Waldoboro (Me.)</subfield><subfield code="v">Newspapers.</subfield></datafield><datafield ind1=" " ind2="0" tag="651"><subfield code="a">Wiscasset (Me.)</subfield><subfield code="v">Newspapers.</subfield></datafield><datafield ind1=" " ind2="7" tag="655"><subfield code="a">Newspapers.</subfield><subfield code="2">fast</subfield><subfield code="0">(OCoLC)fst01423814</subfield></datafield><datafield ind1=" " ind2="7" tag="651"><subfield code="a">Maine</subfield><subfield code="z">Waldoboro.</subfield><subfield code="2">fast</subfield><subfield code="0">(OCoLC)fst01271232</subfield></datafield><datafield ind1=" " ind2="7" tag="651"><subfield code="a">Maine</subfield><subfield code="z">Wiscasset.</subfield><subfield code="2">fast</subfield><subfield code="0">(OCoLC)fst01262173</subfield></datafield><datafield ind1=" " ind2=" " tag="752"><subfield code="a">United States</subfield><subfield code="b">Maine</subfield><subfield code="c">Lincoln</subfield><subfield code="d">Wiscasset.</subfield></datafield><datafield ind1=" " ind2=" " tag="752"><subfield code="a">United States</subfield><subfield code="b">Maine</subfield><subfield code="c">Lincoln</subfield><subfield code="d">Waldoboro.</subfield></datafield><datafield ind1="0" ind2="0" tag="780"><subfield code="t">Sheepscot echo</subfield><subfield code="w">(DLC)sn 84026905</subfield></datafield><datafield ind1="0" ind2="0" tag="785"><subfield code="t">Sheepscot echo (Wiscasset, Me.)</subfield><subfield code="w">(DLC)sn 95067817</subfield></datafield></record>